@site{tfidf,
    title={Text Feature Extraction},
    urldate={2023-01-23},
    url={https://scikit-learn.org/stable/modules/feature_extraction.html#text-feature-extraction}
}

@site{kaggle,
    title={Mercari Price Prediction Challenge},
    urldate={2023-01-23},
    url={https://www.kaggle.com/competitions/mercari-price-suggestion-challenge}
}

@article{binary_enc,
  author          = {Kedar Potdar, Taher S. Pardawala, Chinmay D. Pai},
  journal         = {International Journal of Computer Applications},
  title           = {A Comparative Study of Categorical Variable Encoding Techniques for Neural Network Classifiers},
  volume          = {175},
  year            = {2017}
}

@site{lemmatization,
    title={Lemmatization in Natural Language Processing (NLP) and Machine Learning},
    author={Sunny Srinidhi},
    year={2020},
    url={https://towardsdatascience.com/lemmatization-in-natural-language-processing-nlp-and-machine-learning-a4416f69a7b6}
}

@site{rmsle,
    title={Whatâ€™s the Difference Between RMSE and RMSLE?},
    author={Sharoon Saxena},
    year={2019},
    url={https://medium.com/analytics-vidhya/root-mean-square-log-error-rmse-vs-rmlse-935c6cc1802a}
}

